<?xml version="1.0" encoding="UTF-8"?><collection xmlns="http://www.loc.gov/MARC21/slim"><record><leader>00588nam--2200181-i-4500</leader><controlfield tag="001">000015790</controlfield><controlfield tag="002">20161230</controlfield><controlfield tag="005">20161230201031</controlfield><controlfield tag="008">060222s1000------------r-----000-0-eng-d</controlfield><datafield ind1=" " ind2=" " tag="040"><subfield code="a">IFIN-HH</subfield></datafield><datafield ind1=" " ind2=" " tag="080"><subfield code="a">539.14(061.3)</subfield></datafield><datafield ind1="1" ind2=" " tag="100"><subfield code="a">Bando, H. /S.A.</subfield></datafield><datafield ind1="1" ind2="0" tag="245"><subfield code="a">Hypernuclear physics</subfield><subfield code="b">Proceedings of 1986 ins international symposium on hypernuclear physics august 20-23, 1986, tokyo</subfield><subfield code="c">H. bando, o. hashimoto, k. ogawa (eds.)</subfield></datafield><datafield ind1=" " ind2=" " tag="260"><subfield code="a">Tokyo</subfield><subfield code="b">Institute For Nuclear Study</subfield><subfield code="c">1986</subfield></datafield><datafield ind1=" " ind2=" " tag="300"><subfield code="a">447 P</subfield></datafield><datafield ind1="1" ind2=" " tag="700"><subfield code="a">Ogawa, K</subfield><subfield code="e">Ed</subfield></datafield><datafield ind1=" " ind2=" " tag="852"><subfield code="a">73712</subfield><subfield code="c">537.14</subfield></datafield><datafield ind1=" " ind2=" " tag="CAT"><subfield code="a">Sys</subfield><subfield code="c">20120405</subfield><subfield code="h">112522</subfield></datafield></record></collection>